{"cik":"320193","data":[{"accessNumber":"0000320193-19-000119","symbol":"AAPL","cik":"320193","year":2019,"quarter":0,"form":"10-K","startDate":"2018-09-30 00:00:00","endDate":"2019-09-28 00:00:00","filedDate":"2019-10-31 00:00:00","report":{"bs":{"Assets":338516000000,"Liabilities":248028000000,"InventoryNet":4106000000,"AssetsCurrent":162819000000,"CommercialPaper":5980000000,"AssetsNoncurrent":175697000000,"LiabilitiesCurrent":105718000000,"OtherAssetsCurrent":12352000000,"StockholdersEquity":90488000000,"LongTermDebtCurrent":10260000000,"LiabilitiesNoncurrent":142310000000,"OtherAssetsNoncurrent":32978000000,"AccountsPayableCurrent":46236000000,"LongTermDebtNoncurrent":91807000000,"OtherLiabilitiesCurrent":37720000000,"NontradeReceivablesCurrent":22878000000,"OtherLiabilitiesNoncurrent":50503000000,"CommitmentsAndContingencies":"N/A","MarketableSecuritiesCurrent":51713000000,"AccountsReceivableNetCurrent":22926000000,"PropertyPlantAndEquipmentNet":37378000000,"MarketableSecuritiesNoncurrent":105341000000,"LiabilitiesAndStockholdersEquity":338516000000,"RetainedEarningsAccumulatedDeficit":45898000000,"ContractWithCustomerLiabilityCurrent":5522000000,"CashAndCashEquivalentsAtCarryingValue":48844000000,"CommonStocksIncludingAdditionalPaidInCapital":45174000000,"AccumulatedOtherComprehensiveIncomeLossNetOfTax":584000000},"cf":{"NetIncomeLoss":55256000000,"InterestPaidNet":3423000000,"IncomeTaxesPaidNet":15263000000,"PaymentsOfDividends":14119000000,"ShareBasedCompensation":6068000000,"RepaymentsOfLongTermDebt":8805000000,"OtherNoncashIncomeExpense":652000000,"IncreaseDecreaseInInventories":289000000,"DeferredIncomeTaxExpenseBenefit":340000000,"IncreaseDecreaseInAccountsPayable":1923000000,"PaymentsToAcquireOtherInvestments":1001000000,"ProceedsFromIssuanceOfCommonStock":781000000,"IncreaseDecreaseInOtherReceivables":2931000000,"PaymentsForRepurchaseOfCommonStock":66897000000,"ProceedsFromIssuanceOfLongTermDebt":6963000000,"DepreciationDepletionAndAmortization":12547000000,"IncreaseDecreaseInAccountsReceivable":245000000,"IncreaseDecreaseInOtherOperatingAssets":873000000,"ProceedsFromRepaymentsOfCommercialPaper":5977000000,"NetCashProvidedByUsedInFinancingActivities":90976000000,"NetCashProvidedByUsedInInvestingActivities":45896000000,"NetCashProvidedByUsedInOperatingActivities":69391000000,"PaymentsToAcquirePropertyPlantAndEquipment":10495000000,"IncreaseDecreaseInOtherOperatingLiabilities":4700000000,"PaymentsToAcquireBusinessesNetOfCashAcquired":624000000,"ProceedsFromSaleAndMaturityOfOtherInvestments":1634000000,"IncreaseDecreaseInContractWithCustomerLiability":625000000,"PaymentsForProceedsFromOtherInvestingActivities":1078000000,"PaymentsToAcquireAvailableForSaleSecuritiesDebt":39630000000,"ProceedsFromPaymentsForOtherFinancingActivities":105000000,"ProceedsFromSaleOfAvailableForSaleSecuritiesDebt":56988000000,"PaymentsRelatedToTaxWithholdingForShareBasedCompensation":2817000000,"ProceedsFromMaturitiesPrepaymentsAndCallsOfAvailableForSaleSecurities":40102000000,"CashCashEquivalentsRestrictedCashAndRestrictedCashEquivalentsPeriodIncreaseDecreaseIncludingExchangeRateEffect":24311000000},"ic":{"GrossProfit":98392000000,"NetIncomeLoss":55256000000,"OperatingExpenses":34462000000,"OperatingIncomeLoss":63930000000,"EarningsPerShareBasic":11.97,"EarningsPerShareDiluted":11.89,"IncomeTaxExpenseBenefit":10481000000,"NonoperatingIncomeExpense":1807000000,"CostOfGoodsAndServicesSold":161782000000,"ComprehensiveIncomeNetOfTax":58037000000,"ResearchAndDevelopmentExpense":16217000000,"SellingGeneralAndAdministrativeExpense":18245000000,"WeightedAverageNumberOfSharesOutstandingBasic":4617834000,"WeightedAverageNumberOfDilutedSharesOutstanding":4648913000,"RevenueFromContractWithCustomerExcludingAssessedTax":260174000000,"OtherComprehensiveIncomeLossNetOfTaxPortionAttributableToParent":2781000000,"OtherComprehensiveIncomeLossDerivativesQualifyingAsHedgesNetOfTax":638000000,"OtherComprehensiveIncomeLossAvailableForSaleSecuritiesAdjustmentNetOfTax":3827000000,"OtherComprehensiveIncomeUnrealizedGainLossOnDerivativesArisingDuringPeriodNetOfTax":661000000,"OtherComprehensiveIncomeLossReclassificationAdjustmentFromAOCIOnDerivativesNetOfTax":23000000,"OtherComprehensiveIncomeLossForeignCurrencyTransactionAndTranslationAdjustmentNetOfTax":408000000,"OtherComprehensiveIncomeUnrealizedHoldingGainLossOnSecuritiesArisingDuringPeriodNetOfTax":3802000000,"OtherComprehensiveIncomeLossReclassificationAdjustmentFromAOCIForSaleOfSecuritiesNetOfTax":25000000,"IncomeLossFromContinuingOperationsBeforeIncomeTaxesExtraordinaryItemsNoncontrollingInterest":65737000000}}},{"accessNumber":"0000320193-18-000145","symbol":"AAPL","cik":"320193","year":2018,"quarter":0,"form":"10-K","startDate":"2017-10-01 00:00:00","endDate":"2018-09-29 00:00:00","filedDate":"2018-11-05 00:00:00","report":{"bs":{"Assets":365725000000,"Liabilities":258578000000,"InventoryNet":3956000000,"AssetsCurrent":131339000000,"CommercialPaper":11964000000,"AssetsNoncurrent":234386000000,"LiabilitiesCurrent":116866000000,"OtherAssetsCurrent":12087000000,"StockholdersEquity":107147000000,"LongTermDebtCurrent":8784000000,"LiabilitiesNoncurrent":141712000000,"OtherAssetsNoncurrent":22283000000,"AccountsPayableCurrent":55888000000,"DeferredRevenueCurrent":7543000000,"LongTermDebtNoncurrent":93735000000,"OtherLiabilitiesCurrent":32687000000,"DeferredRevenueNoncurrent":2797000000,"NontradeReceivablesCurrent":25809000000,"OtherLiabilitiesNoncurrent":45180000000,"CommitmentsAndContingencies":"N/A","AccountsReceivableNetCurrent":23186000000,"PropertyPlantAndEquipmentNet":41304000000,"LiabilitiesAndStockholdersEquity":365725000000,"AvailableForSaleSecuritiesCurrent":40388000000,"RetainedEarningsAccumulatedDeficit":70400000000,"AvailableForSaleSecuritiesNoncurrent":170799000000,"CashAndCashEquivalentsAtCarryingValue":25913000000,"CommonStocksIncludingAdditionalPaidInCapital":40201000000,"AccumulatedOtherComprehensiveIncomeLossNetOfTax":-3454000000},"cf":{"NetIncomeLoss":59531000000,"InterestPaidNet":3022000000,"IncomeTaxesPaidNet":10417000000,"PaymentsOfDividends":13712000000,"ShareBasedCompensation":5340000000,"RepaymentsOfLongTermDebt":6500000000,"OtherNoncashIncomeExpense":444000000,"IncreaseDecreaseInInventories":-828000000,"DeferredIncomeTaxExpenseBenefit":-32590000000,"IncreaseDecreaseInAccountsPayable":9175000000,"IncreaseDecreaseInDeferredRevenue":-44000000,"PaymentsToAcquireOtherInvestments":1871000000,"ProceedsFromIssuanceOfCommonStock":669000000,"IncreaseDecreaseInOtherReceivables":8010000000,"PaymentsForRepurchaseOfCommonStock":72738000000,"ProceedsFromIssuanceOfLongTermDebt":6969000000,"DepreciationDepletionAndAmortization":10903000000,"IncreaseDecreaseInAccountsReceivable":5322000000,"IncreaseDecreaseInOtherOperatingAssets":423000000,"ProceedsFromRepaymentsOfCommercialPaper":-37000000,"NetCashProvidedByUsedInFinancingActivities":-87876000000,"NetCashProvidedByUsedInInvestingActivities":16066000000,"NetCashProvidedByUsedInOperatingActivities":77434000000,"PaymentsToAcquirePropertyPlantAndEquipment":13313000000,"IncreaseDecreaseInOtherOperatingLiabilities":38490000000,"PaymentsToAcquireAvailableForSaleSecurities":71356000000,"CashAndCashEquivalentsPeriodIncreaseDecrease":5624000000,"PaymentsToAcquireBusinessesNetOfCashAcquired":721000000,"ProceedsFromSaleOfAvailableForSaleSecurities":47838000000,"ProceedsFromSaleAndMaturityOfOtherInvestments":353000000,"PaymentsForProceedsFromOtherInvestingActivities":745000000,"PaymentsRelatedToTaxWithholdingForShareBasedCompensation":2527000000,"ProceedsFromMaturitiesPrepaymentsAndCallsOfAvailableForSaleSecurities":55881000000},"ic":{"Revenues":265595000000,"GrossProfit":101839000000,"NetIncomeLoss":59531000000,"OperatingExpenses":30941000000,"OperatingIncomeLoss":70898000000,"EarningsPerShareBasic":12.01,"EarningsPerShareDiluted":11.91,"IncomeTaxExpenseBenefit":13372000000,"NonoperatingIncomeExpense":2005000000,"CostOfGoodsAndServicesSold":163756000000,"ComprehensiveIncomeNetOfTax":56505000000,"ResearchAndDevelopmentExpense":14236000000,"SellingGeneralAndAdministrativeExpense":16705000000,"WeightedAverageNumberOfSharesOutstandingBasic":4955377000,"WeightedAverageNumberOfDilutedSharesOutstanding":5000109000,"OtherComprehensiveIncomeLossNetOfTaxPortionAttributableToParent":-3026000000,"OtherComprehensiveIncomeLossDerivativesQualifyingAsHedgesNetOfTax":905000000,"OtherComprehensiveIncomeLossAvailableForSaleSecuritiesAdjustmentNetOfTax":-3406000000,"OtherComprehensiveIncomeUnrealizedGainLossOnDerivativesArisingDuringPeriodNetOfTax":523000000,"OtherComprehensiveIncomeLossReclassificationAdjustmentFromAOCIOnDerivativesNetOfTax":-382000000,"OtherComprehensiveIncomeLossForeignCurrencyTransactionAndTranslationAdjustmentNetOfTax":-525000000,"OtherComprehensiveIncomeUnrealizedHoldingGainLossOnSecuritiesArisingDuringPeriodNetOfTax":-3407000000,"OtherComprehensiveIncomeLossReclassificationAdjustmentFromAOCIForSaleOfSecuritiesNetOfTax":-1000000,"IncomeLossFromContinuingOperationsBeforeIncomeTaxesExtraordinaryItemsNoncontrollingInterest":72903000000}}},{"accessNumber":"0000320193-17-000070","symbol":"AAPL","cik":"320193","year":2017,"quarter":0,"form":"10-K","startDate":"2016-09-25 00:00:00","endDate":"2017-09-30 00:00:00","filedDate":"2017-11-03 00:00:00","report":{"bs":{"Assets":375319000000,"Goodwill":5717000000,"Liabilities":241272000000,"InventoryNet":4855000000,"AssetsCurrent":128645000000,"CommercialPaper":11977000000,"LiabilitiesCurrent":100814000000,"OtherAssetsCurrent":13936000000,"StockholdersEquity":134047000000,"LongTermDebtCurrent":6496000000,"OtherAssetsNoncurrent":10162000000,"AccountsPayableCurrent":49049000000,"DeferredRevenueCurrent":7548000000,"LongTermDebtNoncurrent":97207000000,"AccruedLiabilitiesCurrent":25744000000,"DeferredRevenueNoncurrent":2836000000,"NontradeReceivablesCurrent":17799000000,"OtherLiabilitiesNoncurrent":40415000000,"CommitmentsAndContingencies":"N/A","AccountsReceivableNetCurrent":17874000000,"PropertyPlantAndEquipmentNet":33783000000,"LiabilitiesAndStockholdersEquity":375319000000,"AvailableForSaleSecuritiesCurrent":53892000000,"RetainedEarningsAccumulatedDeficit":98330000000,"AvailableForSaleSecuritiesNoncurrent":194714000000,"IntangibleAssetsNetExcludingGoodwill":2298000000,"CashAndCashEquivalentsAtCarryingValue":20289000000,"CommonStocksIncludingAdditionalPaidInCapital":35867000000,"AccumulatedOtherComprehensiveIncomeLossNetOfTax":-150000000},"cf":{"InterestPaid":2092000000,"NetIncomeLoss":48351000000,"IncomeTaxesPaidNet":11591000000,"PaymentsOfDividends":12769000000,"ShareBasedCompensation":4840000000,"RepaymentsOfLongTermDebt":3500000000,"OtherNoncashIncomeExpense":166000000,"IncreaseDecreaseInInventories":2723000000,"DeferredIncomeTaxExpenseBenefit":5966000000,"IncreaseDecreaseInAccountsPayable":9618000000,"IncreaseDecreaseInDeferredRevenue":-626000000,"PaymentsToAcquireIntangibleAssets":344000000,"PaymentsToAcquireOtherInvestments":395000000,"ProceedsFromIssuanceOfCommonStock":555000000,"IncreaseDecreaseInOtherReceivables":4254000000,"PaymentsForRepurchaseOfCommonStock":32900000000,"ProceedsFromIssuanceOfLongTermDebt":28662000000,"IncreaseDecreaseInAccountsReceivable":2093000000,"IncreaseDecreaseInOtherOperatingAssets":5318000000,"DepreciationAmortizationAndAccretionNet":10157000000,"ProceedsFromRepaymentsOfCommercialPaper":3852000000,"NetCashProvidedByUsedInFinancingActivities":-17347000000,"NetCashProvidedByUsedInInvestingActivities":-46446000000,"NetCashProvidedByUsedInOperatingActivities":63598000000,"PaymentsToAcquirePropertyPlantAndEquipment":12451000000,"IncreaseDecreaseInOtherOperatingLiabilities":-154000000,"PaymentsToAcquireAvailableForSaleSecurities":159486000000,"CashAndCashEquivalentsPeriodIncreaseDecrease":-195000000,"PaymentsToAcquireBusinessesNetOfCashAcquired":329000000,"ProceedsFromSaleOfAvailableForSaleSecurities":94564000000,"PaymentsForProceedsFromOtherInvestingActivities":-220000000,"PaymentsRelatedToTaxWithholdingForShareBasedCompensation":1874000000,"ExcessTaxBenefitFromShareBasedCompensationFinancingActivities":627000000,"ProceedsFromMaturitiesPrepaymentsAndCallsOfAvailableForSaleSecurities":31775000000},"ic":{"GrossProfit":88186000000,"NetIncomeLoss":48351000000,"SalesRevenueNet":229234000000,"OperatingExpenses":26842000000,"OperatingIncomeLoss":61344000000,"EarningsPerShareBasic":9.27,"EarningsPerShareDiluted":9.21,"IncomeTaxExpenseBenefit":15738000000,"NonoperatingIncomeExpense":2745000000,"CostOfGoodsAndServicesSold":141048000000,"ComprehensiveIncomeNetOfTax":47567000000,"ResearchAndDevelopmentExpense":11581000000,"CommonStockDividendsPerShareDeclared":2.4,"SellingGeneralAndAdministrativeExpense":15261000000,"WeightedAverageNumberOfSharesOutstandingBasic":5217242000,"WeightedAverageNumberOfDilutedSharesOutstanding":5251692000,"OtherComprehensiveIncomeLossNetOfTaxPortionAttributableToParent":-784000000,"OtherComprehensiveIncomeLossDerivativesQualifyingAsHedgesNetOfTax":-162000000,"OtherComprehensiveIncomeLossAvailableForSaleSecuritiesAdjustmentNetOfTax":-846000000,"OtherComprehensiveIncomeUnrealizedGainLossOnDerivativesArisingDuringPeriodNetOfTax":1315000000,"OtherComprehensiveIncomeLossReclassificationAdjustmentFromAOCIOnDerivativesNetOfTax":1477000000,"OtherComprehensiveIncomeLossForeignCurrencyTransactionAndTranslationAdjustmentNetOfTax":224000000,"OtherComprehensiveIncomeUnrealizedHoldingGainLossOnSecuritiesArisingDuringPeriodNetOfTax":-782000000,"OtherComprehensiveIncomeLossReclassificationAdjustmentFromAOCIForSaleOfSecuritiesNetOfTax":64000000,"IncomeLossFromContinuingOperationsBeforeIncomeTaxesExtraordinaryItemsNoncontrollingInterest":64089000000}}},{"accessNumber":"0001628280-16-020309","symbol":"AAPL","cik":"320193","year":2016,"quarter":0,"form":"10-K","startDate":"2015-09-27 00:00:00","endDate":"2016-09-24 00:00:00","filedDate":"2016-10-26 00:00:00","report":{"bs":{"Assets":321686000000,"Goodwill":5414000000,"Liabilities":193437000000,"InventoryNet":2132000000,"AssetsCurrent":106869000000,"CommercialPaper":8100000000,"LiabilitiesCurrent":79006000000,"OtherAssetsCurrent":8283000000,"StockholdersEquity":128249000000,"LongTermDebtCurrent":3500000000,"OtherAssetsNoncurrent":8757000000,"AccountsPayableCurrent":37294000000,"DeferredRevenueCurrent":8080000000,"LongTermDebtNoncurrent":75427000000,"AccruedLiabilitiesCurrent":22027000000,"DeferredRevenueNoncurrent":2930000000,"NontradeReceivablesCurrent":13545000000,"OtherLiabilitiesNoncurrent":36074000000,"CommitmentsAndContingencies":"N/A","AccountsReceivableNetCurrent":15754000000,"PropertyPlantAndEquipmentNet":27010000000,"LiabilitiesAndStockholdersEquity":321686000000,"AvailableForSaleSecuritiesCurrent":46671000000,"RetainedEarningsAccumulatedDeficit":96364000000,"AvailableForSaleSecuritiesNoncurrent":170430000000,"IntangibleAssetsNetExcludingGoodwill":3206000000,"CashAndCashEquivalentsAtCarryingValue":20484000000,"CommonStocksIncludingAdditionalPaidInCapital":31251000000,"AccumulatedOtherComprehensiveIncomeLossNetOfTax":634000000},"cf":{"InterestPaid":1316000000,"NetIncomeLoss":45687000000,"IncomeTaxesPaidNet":10444000000,"ShareBasedCompensation":4210000000,"RepaymentsOfLongTermDebt":2500000000,"IncreaseDecreaseInInventories":-217000000,"DeferredIncomeTaxExpenseBenefit":4938000000,"IncreaseDecreaseInAccountsPayable":1791000000,"IncreaseDecreaseInDeferredRevenue":-1554000000,"PaymentsToAcquireIntangibleAssets":814000000,"PaymentsToAcquireOtherInvestments":1388000000,"ProceedsFromIssuanceOfCommonStock":495000000,"IncreaseDecreaseInOtherReceivables":51000000,"PaymentsForRepurchaseOfCommonStock":29722000000,"ProceedsFromIssuanceOfLongTermDebt":24954000000,"IncreaseDecreaseInAccountsReceivable":-1095000000,"IncreaseDecreaseInOtherOperatingAssets":-1090000000,"DepreciationAmortizationAndAccretionNet":10505000000,"ProceedsFromRepaymentsOfCommercialPaper":-397000000,"PaymentsToAcquirePropertyPlantAndEquipment":12734000000,"IncreaseDecreaseInOtherOperatingLiabilities":-2104000000,"PaymentsToAcquireAvailableForSaleSecurities":142428000000,"CashAndCashEquivalentsPeriodIncreaseDecrease":-636000000,"PaymentsToAcquireBusinessesNetOfCashAcquired":297000000,"ProceedsFromSaleOfAvailableForSaleSecurities":90536000000,"PaymentsForProceedsFromOtherInvestingActivities":110000000,"PaymentsRelatedToTaxWithholdingForShareBasedCompensation":1570000000,"ExcessTaxBenefitFromShareBasedCompensationFinancingActivities":407000000,"NetCashProvidedByUsedInFinancingActivitiesContinuingOperations":-20483000000,"NetCashProvidedByUsedInInvestingActivitiesContinuingOperations":-45977000000,"NetCashProvidedByUsedInOperatingActivitiesContinuingOperations":65824000000,"ProceedsFromMaturitiesPrepaymentsAndCallsOfAvailableForSaleSecurities":21258000000,"aapl:PaymentsOfDividendsAndDividendEquivalentsOnCommonStockAndRestrictedStockUnits":12150000000},"ic":{"GrossProfit":84263000000,"NetIncomeLoss":45687000000,"SalesRevenueNet":215639000000,"OperatingExpenses":24239000000,"OperatingIncomeLoss":60024000000,"EarningsPerShareBasic":8.35,"EarningsPerShareDiluted":8.31,"IncomeTaxExpenseBenefit":15685000000,"NonoperatingIncomeExpense":1348000000,"CostOfGoodsAndServicesSold":131376000000,"ComprehensiveIncomeNetOfTax":46666000000,"ResearchAndDevelopmentExpense":10045000000,"CommonStockDividendsPerShareDeclared":2.18,"OtherComprehensiveIncomeLossNetOfTax":979000000,"SellingGeneralAndAdministrativeExpense":14194000000,"WeightedAverageNumberOfSharesOutstandingBasic":5470820000,"WeightedAverageNumberOfDilutedSharesOutstanding":5500281000,"OtherComprehensiveIncomeLossDerivativesQualifyingAsHedgesNetOfTax":-734000000,"OtherComprehensiveIncomeLossAvailableForSaleSecuritiesAdjustmentNetOfTax":1638000000,"OtherComprehensiveIncomeUnrealizedGainLossOnDerivativesArisingDuringPeriodNetOfTax":7000000,"OtherComprehensiveIncomeLossReclassificationAdjustmentFromAOCIOnDerivativesNetOfTax":741000000,"OtherComprehensiveIncomeLossForeignCurrencyTransactionAndTranslationAdjustmentNetOfTax":75000000,"OtherComprehensiveIncomeUnrealizedHoldingGainLossOnSecuritiesArisingDuringPeriodNetOfTax":1582000000,"OtherComprehensiveIncomeLossReclassificationAdjustmentFromAOCIForSaleOfSecuritiesNetOfTax":-56000000,"IncomeLossFromContinuingOperationsBeforeIncomeTaxesExtraordinaryItemsNoncontrollingInterest":61372000000}}},{"accessNumber":"0001193125-15-356351","symbol":"AAPL","cik":"320193","year":2015,"quarter":0,"form":"10-K","startDate":"2014-09-28 00:00:00","endDate":"2015-09-26 00:00:00","filedDate":"2015-10-28 00:00:00","report":{"bs":{"Assets":290479000000,"Goodwill":5116000000,"Liabilities":171124000000,"InventoryNet":2349000000,"AssetsCurrent":89378000000,"CommercialPaper":8499000000,"LiabilitiesCurrent":80610000000,"OtherAssetsCurrent":9539000000,"StockholdersEquity":119355000000,"LongTermDebtCurrent":2500000000,"OtherAssetsNoncurrent":5556000000,"AccountsPayableCurrent":35490000000,"DeferredRevenueCurrent":8940000000,"LongTermDebtNoncurrent":53463000000,"AccruedLiabilitiesCurrent":25181000000,"DeferredRevenueNoncurrent":3624000000,"NontradeReceivablesCurrent":13494000000,"OtherLiabilitiesNoncurrent":33427000000,"CommitmentsAndContingencies":"N/A","AccountsReceivableNetCurrent":16849000000,"PropertyPlantAndEquipmentNet":22471000000,"LiabilitiesAndStockholdersEquity":290479000000,"AvailableForSaleSecuritiesCurrent":20481000000,"RetainedEarningsAccumulatedDeficit":92284000000,"AvailableForSaleSecuritiesNoncurrent":164065000000,"IntangibleAssetsNetExcludingGoodwill":3893000000,"CashAndCashEquivalentsAtCarryingValue":21120000000,"DeferredTaxAssetsLiabilitiesNetCurrent":5546000000,"CommonStocksIncludingAdditionalPaidInCapital":27416000000,"AccumulatedOtherComprehensiveIncomeLossNetOfTax":-345000000},"cf":{"InterestPaid":514000000,"NetIncomeLoss":53394000000,"IncomeTaxesPaidNet":13252000000,"ShareBasedCompensation":3586000000,"IncreaseDecreaseInInventories":238000000,"DeferredIncomeTaxExpenseBenefit":1382000000,"IncreaseDecreaseInAccountsPayable":5400000000,"IncreaseDecreaseInDeferredRevenue":1042000000,"PaymentsToAcquireIntangibleAssets":241000000,"ProceedsFromIssuanceOfCommonStock":543000000,"PaymentsForRepurchaseOfCommonStock":35253000000,"ProceedsFromIssuanceOfLongTermDebt":27114000000,"IncreaseDecreaseInAccountsReceivable":-611000000,"IncreaseDecreaseInOtherOperatingAssets":179000000,"DepreciationAmortizationAndAccretionNet":11257000000,"ProceedsFromRepaymentsOfCommercialPaper":2191000000,"PaymentsToAcquirePropertyPlantAndEquipment":11247000000,"aapl:IncreaseDecreaseInNonTradeReceivables":3735000000,"IncreaseDecreaseInOtherOperatingLiabilities":8746000000,"PaymentsToAcquireAvailableForSaleSecurities":166402000000,"CashAndCashEquivalentsPeriodIncreaseDecrease":7276000000,"PaymentsToAcquireBusinessesNetOfCashAcquired":343000000,"ProceedsFromSaleOfAvailableForSaleSecurities":107447000000,"PaymentsForProceedsFromOtherInvestingActivities":26000000,"PaymentsRelatedToTaxWithholdingForShareBasedCompensation":1499000000,"ExcessTaxBenefitFromShareBasedCompensationFinancingActivities":749000000,"NetCashProvidedByUsedInFinancingActivitiesContinuingOperations":-17716000000,"NetCashProvidedByUsedInInvestingActivitiesContinuingOperations":-56274000000,"NetCashProvidedByUsedInOperatingActivitiesContinuingOperations":81266000000,"ProceedsFromMaturitiesPrepaymentsAndCallsOfAvailableForSaleSecurities":14538000000,"aapl:PaymentsOfDividendsAndDividendEquivalentsOnCommonStockAndRestrictedStockUnits":11561000000},"ic":{"GrossProfit":93626000000,"NetIncomeLoss":53394000000,"SalesRevenueNet":233715000000,"OperatingExpenses":22396000000,"OperatingIncomeLoss":71230000000,"EarningsPerShareBasic":9.28,"EarningsPerShareDiluted":9.22,"IncomeTaxExpenseBenefit":19121000000,"NonoperatingIncomeExpense":1285000000,"CostOfGoodsAndServicesSold":140089000000,"ResearchAndDevelopmentExpense":8067000000,"CommonStockDividendsPerShareDeclared":1.98,"SellingGeneralAndAdministrativeExpense":14329000000,"WeightedAverageNumberOfSharesOutstandingBasic":5753421000,"WeightedAverageNumberOfDilutedSharesOutstanding":5793069000,"IncomeLossFromContinuingOperationsBeforeIncomeTaxesExtraordinaryItemsNoncontrollingInterest":72515000000}}},{"accessNumber":"0001193125-14-383437","symbol":"AAPL","cik":"320193","year":2014,"quarter":0,"form":"10-K","startDate":"2013-09-29 00:00:00","endDate":"2014-09-27 00:00:00","filedDate":"2014-10-27 00:00:00","report":{"bs":{"Assets":231839000000,"Goodwill":4616000000,"Liabilities":120292000000,"InventoryNet":2111000000,"LongTermDebt":28987000000,"AssetsCurrent":68531000000,"CommercialPaper":6308000000,"LiabilitiesCurrent":63448000000,"OtherAssetsCurrent":9806000000,"StockholdersEquity":111547000000,"OtherAssetsNoncurrent":3764000000,"AccountsPayableCurrent":30196000000,"DeferredRevenueCurrent":8491000000,"AccruedLiabilitiesCurrent":18453000000,"DeferredRevenueNoncurrent":3031000000,"NontradeReceivablesCurrent":9759000000,"OtherLiabilitiesNoncurrent":24826000000,"CommitmentsAndContingencies":"N/A","DeferredTaxAssetsNetCurrent":4318000000,"AccountsReceivableNetCurrent":17460000000,"PropertyPlantAndEquipmentNet":20624000000,"LiabilitiesAndStockholdersEquity":231839000000,"AvailableForSaleSecuritiesCurrent":11233000000,"RetainedEarningsAccumulatedDeficit":87152000000,"AvailableForSaleSecuritiesNoncurrent":130162000000,"IntangibleAssetsNetExcludingGoodwill":4142000000,"CashAndCashEquivalentsAtCarryingValue":13844000000,"CommonStocksIncludingAdditionalPaidInCapital":23313000000,"AccumulatedOtherComprehensiveIncomeLossNetOfTax":1082000000},"cf":{"InterestPaid":339000000,"NetIncomeLoss":39510000000,"IncomeTaxesPaidNet":10026000000,"ShareBasedCompensation":2863000000,"IncreaseDecreaseInInventories":76000000,"DeferredIncomeTaxExpenseBenefit":2347000000,"IncreaseDecreaseInAccountsPayable":5938000000,"IncreaseDecreaseInDeferredRevenue":1460000000,"PaymentsToAcquireIntangibleAssets":242000000,"PaymentsToAcquireProductiveAssets":9571000000,"ProceedsFromIssuanceOfCommonStock":730000000,"IncreaseDecreaseInOtherReceivables":2220000000,"PaymentsForRepurchaseOfCommonStock":45000000000,"ProceedsFromIssuanceOfLongTermDebt":11960000000,"IncreaseDecreaseInAccountsReceivable":4232000000,"IncreaseDecreaseInOtherOperatingAssets":-167000000,"DepreciationAmortizationAndAccretionNet":7946000000,"ProceedsFromRepaymentsOfCommercialPaper":6306000000,"IncreaseDecreaseInOtherOperatingLiabilities":6010000000,"PaymentsToAcquireAvailableForSaleSecurities":217128000000,"CashAndCashEquivalentsPeriodIncreaseDecrease":-415000000,"PaymentsToAcquireBusinessesNetOfCashAcquired":3765000000,"ProceedsFromSaleOfAvailableForSaleSecurities":189301000000,"PaymentsForProceedsFromOtherInvestingActivities":-16000000,"PaymentsRelatedToTaxWithholdingForShareBasedCompensation":1158000000,"ExcessTaxBenefitFromShareBasedCompensationFinancingActivities":739000000,"NetCashProvidedByUsedInFinancingActivitiesContinuingOperations":-37549000000,"NetCashProvidedByUsedInInvestingActivitiesContinuingOperations":-22579000000,"NetCashProvidedByUsedInOperatingActivitiesContinuingOperations":59713000000,"ProceedsFromMaturitiesPrepaymentsAndCallsOfAvailableForSaleSecurities":18810000000,"aapl:PaymentsOfDividendsAndDividendEquivalentsOnCommonStockAndRestrictedStockUnits":11126000000},"ic":{"GrossProfit":70537000000,"NetIncomeLoss":39510000000,"SalesRevenueNet":182795000000,"OperatingExpenses":18034000000,"OperatingIncomeLoss":52503000000,"EarningsPerShareBasic":6.49,"EarningsPerShareDiluted":6.45,"IncomeTaxExpenseBenefit":13973000000,"NonoperatingIncomeExpense":980000000,"CostOfGoodsAndServicesSold":112258000000,"ResearchAndDevelopmentExpense":6041000000,"CommonStockDividendsPerShareDeclared":1.82,"SellingGeneralAndAdministrativeExpense":11993000000,"WeightedAverageNumberOfSharesOutstandingBasic":6085572000,"WeightedAverageNumberOfDilutedSharesOutstanding":6122663000,"IncomeLossFromContinuingOperationsBeforeIncomeTaxesExtraordinaryItemsNoncontrollingInterest":53483000000}}},{"accessNumber":"0001193125-13-416534","symbol":"AAPL","cik":"320193","year":2013,"quarter":0,"form":"10-K","startDate":"2012-09-30 00:00:00","endDate":"2013-09-28 00:00:00","filedDate":"2013-10-30 00:00:00","report":{"bs":{"Assets":207000000000,"Goodwill":1577000000,"Liabilities":83451000000,"InventoryNet":1764000000,"LongTermDebt":16960000000,"AssetsCurrent":73286000000,"CommonStockValue":19764000000,"LiabilitiesCurrent":43658000000,"OtherAssetsCurrent":6882000000,"StockholdersEquity":123549000000,"OtherAssetsNoncurrent":5146000000,"AccountsPayableCurrent":22367000000,"DeferredRevenueCurrent":7435000000,"AccruedLiabilitiesCurrent":13856000000,"DeferredRevenueNoncurrent":2625000000,"NontradeReceivablesCurrent":7539000000,"OtherLiabilitiesNoncurrent":20208000000,"CommitmentsAndContingencies":"N/A","DeferredTaxAssetsNetCurrent":3453000000,"AccountsReceivableNetCurrent":13102000000,"PropertyPlantAndEquipmentNet":16597000000,"LiabilitiesAndStockholdersEquity":207000000000,"AvailableForSaleSecuritiesCurrent":26287000000,"RetainedEarningsAccumulatedDeficit":104256000000,"AvailableForSaleSecuritiesNoncurrent":106215000000,"IntangibleAssetsNetExcludingGoodwill":4179000000,"CashAndCashEquivalentsAtCarryingValue":14259000000,"AccumulatedOtherComprehensiveIncomeLossNetOfTax":-471000000},"cf":{"NetIncomeLoss":37037000000,"IncomeTaxesPaidNet":9128000000,"ShareBasedCompensation":2253000000,"IncreaseDecreaseInInventories":973000000,"DeferredIncomeTaxExpenseBenefit":1141000000,"IncreaseDecreaseInAccountsPayable":2340000000,"IncreaseDecreaseInDeferredRevenue":1459000000,"PaymentsToAcquireIntangibleAssets":911000000,"PaymentsToAcquireProductiveAssets":8165000000,"ProceedsFromIssuanceOfCommonStock":530000000,"IncreaseDecreaseInOtherReceivables":-223000000,"PaymentsForRepurchaseOfCommonStock":22860000000,"ProceedsFromIssuanceOfLongTermDebt":16896000000,"IncreaseDecreaseInAccountsReceivable":2172000000,"IncreaseDecreaseInOtherOperatingAssets":-1080000000,"DepreciationAmortizationAndAccretionNet":6757000000,"NetCashProvidedByUsedInFinancingActivities":-16379000000,"NetCashProvidedByUsedInInvestingActivities":-33774000000,"NetCashProvidedByUsedInOperatingActivities":53666000000,"IncreaseDecreaseInOtherOperatingLiabilities":4521000000,"PaymentsToAcquireAvailableForSaleSecurities":148489000000,"CashAndCashEquivalentsPeriodIncreaseDecrease":3513000000,"PaymentsToAcquireBusinessesNetOfCashAcquired":496000000,"ProceedsFromSaleOfAvailableForSaleSecurities":104130000000,"PaymentsForProceedsFromOtherInvestingActivities":160000000,"PaymentsRelatedToTaxWithholdingForShareBasedCompensation":1082000000,"ExcessTaxBenefitFromShareBasedCompensationFinancingActivities":701000000,"ProceedsFromMaturitiesPrepaymentsAndCallsOfAvailableForSaleSecurities":20317000000,"aapl:PaymentsOfDividendsAndDividendEquivalentsOnCommonStockAndRestrictedStockUnits":10564000000},"ic":{"GrossProfit":64304000000,"NetIncomeLoss":37037000000,"SalesRevenueNet":170910000000,"OperatingExpenses":15305000000,"OperatingIncomeLoss":48999000000,"EarningsPerShareBasic":40.03,"EarningsPerShareDiluted":39.75,"IncomeTaxExpenseBenefit":13118000000,"NonoperatingIncomeExpense":1156000000,"CostOfGoodsAndServicesSold":106606000000,"ResearchAndDevelopmentExpense":4475000000,"CommonStockDividendsPerShareDeclared":11.4,"SellingGeneralAndAdministrativeExpense":10830000000,"WeightedAverageNumberOfSharesOutstandingBasic":925331000,"WeightedAverageNumberOfDilutedSharesOutstanding":931662000,"IncomeLossFromContinuingOperationsBeforeIncomeTaxesExtraordinaryItemsNoncontrollingInterest":50155000000}}},{"accessNumber":"0001193125-12-444068","symbol":"AAPL","cik":"320193","year":2012,"quarter":0,"form":"10-K","startDate":"2011-09-25 00:00:00","endDate":"2012-09-29 00:00:00","filedDate":"2012-10-31 00:00:00","report":{"bs":{"Assets":176064000000,"Goodwill":1135000000,"Liabilities":57854000000,"InventoryNet":791000000,"AssetsCurrent":57653000000,"CommonStockValue":16422000000,"LiabilitiesCurrent":38542000000,"OtherAssetsCurrent":6458000000,"StockholdersEquity":118210000000,"OtherAssetsNoncurrent":5478000000,"AccountsPayableCurrent":21175000000,"DeferredRevenueCurrent":5953000000,"AccruedLiabilitiesCurrent":11414000000,"DeferredRevenueNoncurrent":2648000000,"NontradeReceivablesCurrent":7762000000,"OtherLiabilitiesNoncurrent":16664000000,"CommitmentsAndContingencies":"N/A","DeferredTaxAssetsNetCurrent":2583000000,"AccountsReceivableNetCurrent":10930000000,"PropertyPlantAndEquipmentNet":15452000000,"LiabilitiesAndStockholdersEquity":176064000000,"AvailableForSaleSecuritiesCurrent":18383000000,"RetainedEarningsAccumulatedDeficit":101289000000,"AvailableForSaleSecuritiesNoncurrent":92122000000,"IntangibleAssetsNetExcludingGoodwill":4224000000,"CashAndCashEquivalentsAtCarryingValue":10746000000,"AccumulatedOtherComprehensiveIncomeLossNetOfTax":499000000},"cf":{"NetIncomeLoss":41733000000,"IncomeTaxesPaidNet":7682000000,"ShareBasedCompensation":1740000000,"IncreaseDecreaseInInventories":15000000,"DeferredIncomeTaxExpenseBenefit":4405000000,"IncreaseDecreaseInAccountsPayable":4467000000,"IncreaseDecreaseInDeferredRevenue":2824000000,"PaymentsToAcquireIntangibleAssets":1107000000,"PaymentsToAcquireProductiveAssets":8295000000,"ProceedsFromIssuanceOfCommonStock":665000000,"IncreaseDecreaseInOtherReceivables":1414000000,"IncreaseDecreaseInAccountsReceivable":5551000000,"IncreaseDecreaseInOtherOperatingAssets":3162000000,"DepreciationAmortizationAndAccretionNet":3277000000,"NetCashProvidedByUsedInFinancingActivities":-1698000000,"NetCashProvidedByUsedInInvestingActivities":-48227000000,"NetCashProvidedByUsedInOperatingActivities":50856000000,"IncreaseDecreaseInOtherOperatingLiabilities":2552000000,"PaymentsToAcquireAvailableForSaleSecurities":151232000000,"CashAndCashEquivalentsPeriodIncreaseDecrease":931000000,"PaymentsToAcquireBusinessesNetOfCashAcquired":350000000,"ProceedsFromSaleOfAvailableForSaleSecurities":99770000000,"PaymentsForProceedsFromOtherInvestingActivities":48000000,"PaymentsRelatedToTaxWithholdingForShareBasedCompensation":1226000000,"ExcessTaxBenefitFromShareBasedCompensationFinancingActivities":1351000000,"ProceedsFromMaturitiesPrepaymentsAndCallsOfAvailableForSaleSecurities":13035000000,"aapl:PaymentsOfDividendsAndDividendEquivalentsOnCommonStockAndRestrictedStockUnits":2488000000},"ic":{"GrossProfit":68662000000,"NetIncomeLoss":41733000000,"SalesRevenueNet":156508000000,"OperatingExpenses":13421000000,"OperatingIncomeLoss":55241000000,"EarningsPerShareBasic":44.64,"EarningsPerShareDiluted":44.15,"IncomeTaxExpenseBenefit":14030000000,"NonoperatingIncomeExpense":522000000,"CostOfGoodsAndServicesSold":87846000000,"ResearchAndDevelopmentExpense":3381000000,"CommonStockDividendsPerShareDeclared":2.65,"SellingGeneralAndAdministrativeExpense":10040000000,"WeightedAverageNumberOfSharesOutstandingBasic":934818000,"WeightedAverageNumberOfDilutedSharesOutstanding":945355000,"IncomeLossFromContinuingOperationsBeforeIncomeTaxesMinorityInterestAndIncomeLossFromEquityMethodInvestments":55763000000}}},{"accessNumber":"0001193125-11-282113","symbol":"AAPL","cik":"320193","year":2011,"quarter":0,"form":"10-K","startDate":"2010-09-26 00:00:00","endDate":"2011-09-24 00:00:00","filedDate":"2011-10-26 00:00:00","report":{"bs":{"Assets":116371000000,"Goodwill":896000000,"Liabilities":39756000000,"InventoryNet":776000000,"AssetsCurrent":44988000000,"CommonStockValue":13331000000,"LiabilitiesCurrent":27970000000,"OtherAssetsCurrent":4529000000,"StockholdersEquity":76615000000,"OtherAssetsNoncurrent":3556000000,"AccountsPayableCurrent":14632000000,"DeferredRevenueCurrent":4091000000,"AccruedLiabilitiesCurrent":9247000000,"DeferredRevenueNoncurrent":1686000000,"NontradeReceivablesCurrent":6348000000,"OtherLiabilitiesNoncurrent":10100000000,"CommitmentsAndContingencies":"N/A","DeferredTaxAssetsNetCurrent":2014000000,"AccountsReceivableNetCurrent":5369000000,"LiabilitiesAndStockholdersEquity":116371000000,"AvailableForSaleSecuritiesCurrent":16137000000,"RetainedEarningsAccumulatedDeficit":62841000000,"AvailableForSaleSecuritiesNoncurrent":55618000000,"IntangibleAssetsNetExcludingGoodwill":3536000000,"CashAndCashEquivalentsAtCarryingValue":9815000000,"AccumulatedOtherComprehensiveIncomeLossNetOfTax":443000000,"aapl:PropertyPlantAndEquipmentAndCapitalizedSoftwareNet":7777000000},"cf":{"NetIncomeLoss":25922000000,"IncomeTaxesPaidNet":3338000000,"ShareBasedCompensation":1168000000,"IncreaseDecreaseInInventories":-275000000,"DeferredIncomeTaxExpenseBenefit":2868000000,"IncreaseDecreaseInAccountsPayable":2515000000,"IncreaseDecreaseInDeferredRevenue":1654000000,"PaymentsToAcquireIntangibleAssets":3192000000,"PaymentsToAcquireProductiveAssets":4260000000,"ProceedsFromIssuanceOfCommonStock":831000000,"IncreaseDecreaseInOtherReceivables":1934000000,"IncreaseDecreaseInAccountsReceivable":-143000000,"IncreaseDecreaseInOtherOperatingAssets":1391000000,"DepreciationAmortizationAndAccretionNet":1814000000,"NetCashProvidedByUsedInFinancingActivities":1444000000,"NetCashProvidedByUsedInInvestingActivities":-40419000000,"NetCashProvidedByUsedInOperatingActivities":37529000000,"IncreaseDecreaseInOtherOperatingLiabilities":4495000000,"PaymentsToAcquireAvailableForSaleSecurities":102317000000,"CashAndCashEquivalentsPeriodIncreaseDecrease":-1446000000,"PaymentsToAcquireBusinessesNetOfCashAcquired":244000000,"ProceedsFromSaleOfAvailableForSaleSecurities":49416000000,"PaymentsForProceedsFromOtherInvestingActivities":259000000,"ExcessTaxBenefitFromShareBasedCompensationFinancingActivities":1133000000,"ProceedsFromMaturitiesPrepaymentsAndCallsOfAvailableForSaleSecurities":20437000000,"aapl:EmployeeServiceShareBasedCompensationCashUsedToPayTaxesForEquityNetShareSettlement":520000000},"ic":{"GrossProfit":43818000000,"NetIncomeLoss":25922000000,"SalesRevenueNet":108249000000,"OperatingExpenses":10028000000,"OperatingIncomeLoss":33790000000,"EarningsPerShareBasic":28.05,"EarningsPerShareDiluted":27.68,"IncomeTaxExpenseBenefit":8283000000,"NonoperatingIncomeExpense":415000000,"CostOfGoodsAndServicesSold":64431000000,"ResearchAndDevelopmentExpense":2429000000,"SellingGeneralAndAdministrativeExpense":7599000000,"WeightedAverageNumberOfSharesOutstandingBasic":924258000,"WeightedAverageNumberOfDilutedSharesOutstanding":936645000,"IncomeLossFromContinuingOperationsBeforeIncomeTaxesMinorityInterestAndIncomeLossFromEquityMethodInvestments":34205000000}}},{"accessNumber":"0001193125-10-238044","symbol":"AAPL","cik":"320193","year":2010,"quarter":0,"form":"10-K","startDate":"2009-09-27 00:00:00","endDate":"2010-09-25 00:00:00","filedDate":"2010-10-27 00:00:00","report":{"bs":{"Assets":75183000000,"Goodwill":741000000,"Liabilities":27392000000,"InventoryNet":1051000000,"AssetsCurrent":41678000000,"CommonStockValue":10668000000,"LiabilitiesCurrent":20722000000,"OtherAssetsCurrent":3447000000,"StockholdersEquity":47791000000,"OtherAssetsNoncurrent":2263000000,"AccountsPayableCurrent":12015000000,"DeferredRevenueCurrent":2984000000,"AccruedLiabilitiesCurrent":5723000000,"DeferredRevenueNoncurrent":1139000000,"NontradeReceivablesCurrent":4414000000,"OtherLiabilitiesNoncurrent":5531000000,"DeferredTaxAssetsNetCurrent":1636000000,"AccountsReceivableNetCurrent":5510000000,"LiabilitiesAndStockholdersEquity":75183000000,"RetainedEarningsAccumulatedDeficit":37169000000,"IntangibleAssetsNetExcludingGoodwill":342000000,"CashAndCashEquivalentsAtCarryingValue":11261000000,"AccumulatedOtherComprehensiveIncomeLossNetOfTax":-46000000,"AvailableForSaleSecuritiesDebtSecuritiesCurrent":14359000000,"AvailableForSaleSecuritiesDebtSecuritiesNoncurrent":25391000000,"aapl:PropertyPlantAndEquipmentAndCapitalizedSoftwareNet":4768000000},"cf":{"NetIncomeLoss":14013000000,"IncomeTaxesPaidNet":2697000000,"ShareBasedCompensation":879000000,"IncreaseDecreaseInInventories":596000000,"DeferredIncomeTaxExpenseBenefit":1440000000,"IncreaseDecreaseInAccountsPayable":6307000000,"IncreaseDecreaseInDeferredRevenue":1217000000,"PaymentsToAcquireIntangibleAssets":116000000,"PaymentsToAcquireOtherInvestments":18000000,"PaymentsToAcquireProductiveAssets":2005000000,"ProceedsFromIssuanceOfCommonStock":912000000,"IncreaseDecreaseInOtherReceivables":2718000000,"IncreaseDecreaseInAccountsReceivable":2142000000,"GainLossOnSaleOfPropertyPlantEquipment":-24000000,"IncreaseDecreaseInOtherOperatingAssets":120000000,"DepreciationAmortizationAndAccretionNet":1027000000,"aapl:IncreaseDecreaseOtherCurrentAssets":1514000000,"NetCashProvidedByUsedInFinancingActivities":1257000000,"NetCashProvidedByUsedInInvestingActivities":-13854000000,"NetCashProvidedByUsedInOperatingActivities":18595000000,"IncreaseDecreaseInOtherOperatingLiabilities":778000000,"CashAndCashEquivalentsPeriodIncreaseDecrease":5998000000,"PaymentsToAcquireBusinessesNetOfCashAcquired":638000000,"PaymentsForProceedsFromOtherInvestingActivities":2000000,"PaymentsToAcquireAvailableForSaleSecuritiesDebt":57793000000,"ProceedsFromSaleOfAvailableForSaleSecuritiesDebt":21788000000,"ExcessTaxBenefitFromShareBasedCompensationFinancingActivities":751000000,"ProceedsFromMaturitiesPrepaymentsAndCallsOfAvailableForSaleSecurities":24930000000,"EmployeeServiceShareBasedCompensationCashFlowEffectCashUsedToSettleAwards":-406000000},"ic":{"GrossProfit":25684000000,"NetIncomeLoss":14013000000,"SalesRevenueNet":65225000000,"OperatingExpenses":7299000000,"OperatingIncomeLoss":18385000000,"EarningsPerShareBasic":15.41,"EarningsPerShareDiluted":15.15,"IncomeTaxExpenseBenefit":4527000000,"NonoperatingIncomeExpense":155000000,"CostOfGoodsAndServicesSold":39541000000,"ResearchAndDevelopmentExpense":1782000000,"SellingGeneralAndAdministrativeExpense":5517000000,"WeightedAverageNumberOfSharesOutstandingBasic":909461000,"WeightedAverageNumberOfDilutedSharesOutstanding":924712000,"IncomeLossFromContinuingOperationsBeforeIncomeTaxesMinorityInterestAndIncomeLossFromEquityMethodInvestments":18540000000}}}],"symbol":"AAPL"}